@online{site:gen-z,
	author 	= {YPULSE},
	title   = {<<Gen Z \& Millennialsâ€™ 5 Favorite Social Media Platforms Now>>},
	url     = {https://www.ypulse.com/article/2020/05/06/gen-z-millennials-5-favorite-social-media-platforms-now/}
}
@online{site:top-social,
	author 	= {Kubbco},
	title   = {<<Top 27 Social Media Apps for Your 2021 Strategy>>},
	url     = {https://www.kubbco.com/top-27-social-media-apps-for-your-2021-strategy/}
}
@online{site:alt-text,
	author 	= {S. Wu \& J. Wieland \& O. Farivar \& J. Schiller},
	title   = {Automatic alt-text: computer generated image descriptions for blind users on a social network service},
	url     = {https://research.fb.com/wp-content/uploads/2017/02/aat_cscw2017_camera_ready_20161031-2.pdf}
}
@online{site:python,
	author 	= {Python},
	title   = {Documentation},
	url     = {https://docs.python.org/3/}
}

@online{site:selenium,
	author 	= {Selenium},
	title   = {Documentation},
	url     = {https://www.selenium.dev/documentation/}
}

@online{site:webdriver,
	author 	= {Selenium WebDriver},
	title   = {Documentation},
	url     = {https://www.selenium.dev/documentation/webdriver/}
}

@online{site:facebook,
	author 	= {Zuckerberg M.},
	title   = {Facebook},
	url     = {https://www.facebook.com/}
}

@online{site:YOLO,
	author 	= {YOLO},
	title   = {Real-Time Object Detection},
	url     = {https://pjreddie.com/darknet/yolo/}
}

@online{site:fake-email,
	author 	= {EMAILFAKE.COM},
	title   = {Fake Email Generator},
	url     = {https://emailfake.com/}
}

@online{site:fake-img,
	author 	= {Wang U. P.},
	title   = {thispersondoesnotexist},
	url     = {https://thispersondoesnotexist.com/}
}

@online{site:paper1,
	author 	= {Greco F.,Greco G.},
	title   = {Investigative Techniques in the Digital Age - Cybercrime and Criminal Profiling},
	url     = {https://oapub.org/soc/index.php/EJSSS/article/view/821/1403}
} 

@online{site:paper2,
	author 	= {Zainudin N., Merabti M., Llewellyn-Jones D.},
	title   = {Online Social Networks as Supporting Evidence: A Digital Forensic Investigation Model and Its Application Design},
	url     = {https://www.researchgate.net/publication/254033779_Online_social_networks_as_supporting_evidence_A_digital_forensic_investigation_model_and_its_application_design}
}

@online{site:paper3,
	author 	= {Ripeanu M., Logothetis D.},
	title   = {Integro: Leveraging Victim Prediction for Robust Fake Account Detection in Online Social Networks},
	url     = {https://www.researchgate.net/publication/300925110_Integro_Leveraging_Victim_Prediction_for_Robust_Fake_Account_Detection_in_OSNs}
}

@online{site:paper4,
	author 	= {Burattin A., Cascavilla G., Conti M.},
	title   = {SocialSpy: Browsing (Supposedly) Hidden Information in Online Social Networks},
	url     = {https://arxiv.org/pdf/1406.3216.pdf%7D%7Bhttps://arxiv.org/pdf/1406.3216.pdf}
}

@online{site:paper5,
	author 	= {Vitaliy Mezhuyev, S. M. Nazmus Sadat, MD. Arafatur Rahman},
	title   = {Evaluation of the Likelihood of Friend Request Acceptance in Online Social Networks},
	url     = {https://ieeexplore.ieee.org/stamp/stamp.jsp?arnumber=8731968}
}

@online{site:paper6,
	author 	= {Nagle F., Singh L.},
	title   = {Can Friends Be Trusted? Exploring Privacy in Online Social Networks},
	url     = {https://ieeexplore.ieee.org/stamp/stamp.jsp?tp=\&arnumber=5231850}
}

@online{site:paper7,
	author 	= {Rashtian H., Boshmaf Y., Jaferian P. and Beznosov K.},
	title   = {To Befriend Or Not? A Model of Friend Request Acceptance on Facebook},
	url     = {https://www.usenix.org/conference/soups2014/proceedings/presentation/rashtian}
}